<?xml version="1.0" encoding="UTF-8"?><collection xmlns="http://www.loc.gov/MARC21/slim"><record><leader>00368nam--2200133-i-4500</leader><controlfield tag="001">000009265</controlfield><controlfield tag="002">20161230</controlfield><controlfield tag="005">20161230201028</controlfield><controlfield tag="008">060222s1000------------r-----000-0-eng-d</controlfield><datafield ind1=" " ind2=" " tag="020"><subfield code="a">ADVANCES IN NUCLEAR SCIENCE AND TECHNOLOGY</subfield></datafield><datafield ind1=" " ind2=" " tag="100"><subfield code="a">Kouts, Herbert</subfield></datafield><datafield ind1=" " ind2=" " tag="245"><subfield code="a">/s.a.</subfield></datafield><datafield ind1=" " ind2=" " tag="490"><subfield code="a">New York, Academic Press, 1962-1968.1969-1972 Xv + 379 P</subfield></datafield><datafield ind1=" " ind2=" " tag="700"><subfield code="a">Henley, J. Ernest</subfield></datafield></record></collection>